<?xml version="1.0" encoding="UTF-8"?><collection xmlns="http://www.loc.gov/MARC21/slim"><record><leader>00568nam--2200217-u-4500</leader><controlfield tag="001">000050340</controlfield><controlfield tag="002">20161230</controlfield><controlfield tag="005">20170103164630</controlfield><controlfield tag="008">070111s1000------------r-----000-0-eng-d</controlfield><datafield ind1=" " ind2=" " tag="020"><subfield code="a">0198506562</subfield></datafield><datafield ind1=" " ind2=" " tag="040"><subfield code="a">IFIN-HH</subfield></datafield><datafield ind1=" " ind2=" " tag="080"><subfield code="a">514.82</subfield></datafield><datafield ind1="1" ind2=" " tag="100"><subfield code="a">Ellis, George F. R</subfield></datafield><datafield ind1="1" ind2="0" tag="245"><subfield code="a">Flat and Curved Space-Times</subfield><subfield code="c">George F.R. Ellis; Ruth M. Williams</subfield></datafield><datafield ind1=" " ind2=" " tag="250"><subfield code="a">Second Edition</subfield></datafield><datafield ind1=" " ind2=" " tag="260"><subfield code="a">Oxford</subfield><subfield code="b">University Press</subfield><subfield code="c">2000</subfield></datafield><datafield ind1=" " ind2=" " tag="300"><subfield code="a">375 p</subfield></datafield><datafield ind1=" " ind2="4" tag="650"><subfield code="a">Curved space-times</subfield></datafield><datafield ind1="1" ind2=" " tag="700"><subfield code="a">Williams, Ruth M</subfield></datafield><datafield ind1=" " ind2=" " tag="852"><subfield code="c">530.12</subfield></datafield><datafield ind1=" " ind2=" " tag="CAT"><subfield code="a">SYS</subfield><subfield code="c">20170103</subfield><subfield code="h">164630</subfield></datafield></record></collection>